@article{Xu_2016_generalized_SC,
  title={Generalized synthetic control method for causal inference with time-series cross-sectional data},
  author={Xu, Yiqing},
  year={2016},
  journal={Political Analysis},
  doi={10.2139/ssrn.2584200},
  pubstate={Forthcoming}
}


@article{Abadie_2005_semiparametric_DID,
  title={Semiparametric difference-in-differences estimators},
  author={Abadie, Alberto},
  journal={The Review of Economic Studies},
  volume={72},
  number={1},
  pages={1--19},
  year={2005},
  publisher={Oxford University Press}
}



