@article{hsieh2003,
  title={Do consumers react to anticipated income changes? Evidence from the Alaska permanent fund},
  author={Hsieh, Chang-Tai},
  journal={The American Economic Review},
  volume={93},
  number={1},
  pages={397--405},
  year={2003},
  publisher={JSTOR}
}

@online{apfd_payments_summary,
	author = {Alaska Department of Revenue, Permanent Fund Division},
	title = {Summary of Dividend Applications \& Payments},
	year = 2016,
	url = {https://pfd.alaska.gov/Division-Info/Summary-of-Applications-and-Payments},
	urldate = {2016-11-20},
	shorthand={\textsc{apfd}}
}

@online{fred_inflation,
	author={{US Bureau of Labor Statistics}},
	title={Consumer Price Index for All Urban Consumers: All Items},
	publisher={FRED, Federal Reserve Bank of St. Louis},
	url={https://fred.stlouisfed.org/series/CPIAUCSL},
	urldate = {2016-11-20},
	shorthand={\textsc{us bls}}
}

@online{apfd_regulations,
	url={https://pfd.alaska.gov/Eligibility/Statutes-and-Regulations},
	author = {Alaska Department of Revenue, Permanent Fund Division},
	title = {Statutes and Regulations},
	year = 2016,
	urldate = {2016-11-20},
	shorthand={\textsc{apfd}}
}


@article{adn_dividend_prediction,
	journaltitle={Alaska Dispatch News},
	title={Estimated at \$1,930, Alaska PFD big but no record},
	date={2014-08-27},
	author={DeMarban, Alex and Doogan, Sean}
}

@article{adn_dividend_realization,
	journaltitle={Alaska Dispatch News},
	title={This year's Permanent Fund Dividend check: \$1,884},
	date={2014-09-17},
	author={Doogan, Sean}
}

@article{goodman2008eitc,
  title={How do \textsc{eitc} recipients spend their refunds?},
  author={Goodman-Bacon, Andrew and McGranahan, Leslie},
  year={2008},
  url = {https://de.chicagofed.org/~/media/publications/economic-perspectives/2008/ep-2qtr2008-part2-goodman-etal-pdf.pdf},
  volume = {32},
  number = {2},
  journal={Economic Perspectives}
}

@article{DoudchenkoImbens2016DD,
  title = {Balancing, Regression, Difference-In-Differences and Synthetic Control Methods: A Synthesis},
  year = {2016},
  author = {Doudchenko, Nikolay and Imbens, Guido W.},
  url = {http://www.nber.org/papers/w22791},
  pubstate = {\textsc{nber} working paper no.~16974},
}

@article{Xu2016,
    author = {Xu, Yiqing},
    title = {Generalized Synthetic Control Method: Causal Inference with Interactive Fixed Effects Models},
    date = {2016-08-23},
    pubstate = {Political Analysis, Forthcoming},
    %; MIT Political Science Department Research Paper No. 2015-1.
    doi = {10.2139/ssrn.2584200}
}

@article{Busse2015_weather_on_cars,
  title={The psychological effect of weather on car purchases},
  author={Busse, Meghan and Pope, Devin and Pope, Jaren and Silva-Risso, Jorge},
  journal={The Quarterly Journal of Economics},
  volume={130},
  number={1},
  pages={371--414},
  year={2015},
  publisher={Oxford University Press}
}


@online{usnews_car_deals,
  title={How to Snag Great Deals from Car Dealers},
  author={Karimi, Sabah},
  url={http://money.usnews.com/money/blogs/my-money/2012/09/24/how-to-snag-great-deals-from-car-dealers},
  urldate={2017-02-08},
  date={2012-09-24}
}
