@Misc{dplyr,
  title = {dplyr: A Grammar of Data Manipulation},
  author = {Hadley Wickham and Romain Francois},
  year = {2016},
  version = {0.5.0},
  url = {https://CRAN.R-project.org/package=dplyr}
}

@Misc{assertthat,
  title = {assertthat: Easy pre and post assertions.},
  author = {Hadley Wickham},
  year = {2013},
  version = {0.1},
  url = {https://CRAN.R-project.org/package=assertthat}
}

@Misc{DBI,
  title = {DBI: R Database Interface},
  author = {{R Special Interest Group on Databases} and Hadley Wickham and Kirill Müller},
  year = {2016},
  version = {0.5-1},
  url = {https://CRAN.R-project.org/package=DBI}
}

@Misc{magrittr,
  title = {magrittr: A Forward-Pipe Operator for R},
  author = {Stefan Milton Bache and Hadley Wickham},
  year = {2014},
  version = {1.5},
  url = {https://CRAN.R-project.org/package=magrittr}
}

@Book{ggplot2,
  author = {Hadley Wickham},
  title = {ggplot2: Elegant Graphics for Data Analysis},
  publisher = {Springer-Verlag New York},
  year = {2009},
  isbn = {978-0-387-98140-6},
  url = {http://ggplot2.org}
}

@Misc{lazyeval,
  title = {lazyeval: Lazy (Non-Standard) Evaluation},
  author = {Hadley Wickham},
  year = {2016},
  version = {0.2.0},
  url = {https://CRAN.R-project.org/package=lazyeval}
}

@Misc{RPostgreSQL,
  title = {RPostgreSQL: R interface to the PostgreSQL database system},
  author = {Joe Conway and Dirk Eddelbuettel and Tomoaki Nishiyama and Sameer Kumar Prayaga and Neil Tiffin},
  year = {2016},
  version = {0.4-1},
  url = {https://CRAN.R-project.org/package=RPostgreSQL}
}

@Misc{R,
  title = {R: A Language and Environment for Statistical Computing},
  author = {{R Core Team}},
  organization = {R Foundation for Statistical Computing},
  address = {Vienna, Austria},
  year = {2016},
  url = {https://www.R-project.org/}
}

@Misc{memoise,
  title = {memoise: Memoisation of Functions},
  author = {Hadley Wickham and Jim Hester and Kirill Müller},
  year = {2016},
  version = {1.0.0},
  url = {https://CRAN.R-project.org/package=memoise}
}

@Misc{rvest,
  title = {rvest: Easily Harvest (Scrape) Web Pages},
  author = {Hadley Wickham},
  year = {2016},
  version = {0.3.2},
  url = {https://CRAN.R-project.org/package=rvest}
}

@Misc{xml2,
  title = {xml2: Parse XML},
  author = {Hadley Wickham and James Hester and Jeroen Ooms},
  year = {2017},
  version = {1.1.1},
  url = {https://CRAN.R-project.org/package=xml2}
}

@Misc{readxl,
  title = {readxl: Read Excel Files},
  author = {Hadley Wickham},
  year = {2016},
  version = {0.1.1},
  url = {https://CRAN.R-project.org/package=readxl}
}

@Misc{ensurer,
  title = {ensurer: Ensure Values at Runtime},
  author = {Stefan Milton Bache},
  year = {2015},
  version = {1.1},
  url = {https://CRAN.R-project.org/package=ensurer}
}

@Misc{zipcode,
  title = {zipcode: U.S. ZIP Code database for geocoding},
  author = {Jeffrey Breen},
  year = {2012},
  version = {1.0},
  url = {https://CRAN.R-project.org/package=zipcode}
}

@Misc{hrbrthemes,
  title = {hrbrthemes: Additional Themes and Theme Components for ggplot2},
  author = {Bob Rudis},
  year = {2017},
  version = {0.1.0},
  url = {http://github.com/hrbrmstr/hrbrthemes}
}


@Misc{devtools,
  title = {devtools: Tools to Make Developing R Packages Easier},
  author = {Hadley Wickham and Winston Chang},
  year = {2016},
  version = {1.12.0},
  url = {https://CRAN.R-project.org/package=devtools},
}

@article{lfe,
  title={lfe: Linear group fixed effects},
  author={Gaure, Simen},
  journal={The R Journal},
  volume={5},
  number={2},
  pages={104--117},
  year={2013}
}

@Misc{curl,
  title = {curl: A Modern and Flexible Web Client for R},
  author = {Jeroen Ooms},
  year = {2016},
  version = {2.3},
  url = {https://CRAN.R-project.org/package=curl}
}

@Article{reshape2,
  title = {Reshaping Data with the {reshape} Package},
  author = {Hadley Wickham},
  journal = {Journal of Statistical Software},
  year = {2007},
  volume = {21},
  number = {12},
  pages = {1--20},
  url = {http://www.jstatsoft.org/v21/i12/}
}

@Misc{readr,
  title = {readr: Read Tabular Data},
  author = {Hadley Wickham and Jim Hester and Romain Francois},
  year = {2016},
  version = {1.0.0},
  url = {https://CRAN.R-project.org/package=readr}
}

@Misc{haven,
  title = {haven: Import and Export \textsc{spss}, Stata and \textsc{sas} Files},
  author = {Hadley Wickham and Evan Miller},
  year = {2016},
  version = {1.0.0},
  url = {https://CRAN.R-project.org/package=haven}
}

@Article{lubridate,
  title = {Dates and Times Made Easy with {lubridate}},
  author = {Garrett Grolemund and Hadley Wickham},
  journal = {Journal of Statistical Software},
  year = {2011},
  volume = {40},
  number = {3},
  pages = {1--25},
  url = {http://www.jstatsoft.org/v40/i03/}
}

@Misc{purrr,
  title = {purrr: Functional Programming Tools},
  author = {Hadley Wickham},
  year = {2016},
  version = {0.2.2},
  url = {https://CRAN.R-project.org/package=purrr}
}

@Misc{pgsql,
    author = {{PostgreSQL Global Development Group}},
    title = {Postgre{SQL}},
    url = {https://www.postgresql.org},
    year = {2017},
    version = {9.6.2}
}
